%# -*- coding: utf-8-unix -*-

@techreport{tcp,
  title={TCP congestion control},
  author={Allman, Mark and Paxson, Vern and Blanton, Ethan},
  year={2009}
}

@inproceedings{dctcp,
  title={Data center tcp (dctcp)},
  author={Alizadeh, Mohammad and Greenberg, Albert and Maltz, David A and Padhye, Jitendra and Patel, Parveen and Prabhakar, Balaji and Sengupta, Sudipta and Sridharan, Murari},
  booktitle={ACM SIGCOMM computer communication review},
  volume={40},
  number={4},
  pages={63--74},
  year={2010},
  organization={ACM}
}

@inproceedings{spark,
  title={Resilient distributed datasets: A fault-tolerant abstraction for in-memory cluster computing},
  author={Zaharia, Matei and Chowdhury, Mosharaf and Das, Tathagata and Dave, Ankur and Ma, Justin and McCauley, Murphy and Franklin, Michael J and Shenker, Scott and Stoica, Ion},
  booktitle={Proceedings of the 9th USENIX conference on Networked Systems Design and Implementation},
  pages={2--2},
  year={2012},
  organization={USENIX Association}
}

@inproceedings{drizzle,
  title={Drizzle: Fast and adaptable stream processing at scale},
  author={Venkataraman, Shivaram and Panda, Aurojit and Ousterhout, Kay and Armbrust, Michael and Ghodsi, Ali and Franklin, Michael J and Recht, Benjamin and Stoica, Ion},
  booktitle={Proceedings of the 26th Symposium on Operating Systems Principles},
  pages={374--389},
  year={2017},
  organization={ACM}
}

@online {hadoop,
    author = "Apache",
    year   = "2017",
    title  = "Apache Hadoop",
    url    = "http://hadoop.apache.com/"
}

@online {alluxio,
    author = "Alluxio",
    year   = "2017",
    title  = "Alluxio",
    url    = "https://www.alluxio.org/"
}


@article{apachespark,
 author = {Zaharia, Matei and Xin, Reynold S. and Wendell, Patrick and Das, Tathagata and Armbrust, Michael and Dave, Ankur and Meng, Xiangrui and Rosen, Josh and Venkataraman, Shivaram and Franklin, Michael J. and Ghodsi, Ali and Gonzalez, Joseph and Shenker, Scott and Stoica, Ion},
 title = {Apache Spark: A Unified Engine for Big Data Processing},
 journal = {Commun. ACM},
 issue_date = {November 2016},
 volume = {59},
 number = {11},
 month = oct,
 year = {2016},
 issn = {0001-0782},
 pages = {56--65},
 numpages = {10},
 url = {http://doi.acm.org/10.1145/2934664},
 doi = {10.1145/2934664},
 acmid = {2934664},
 publisher = {ACM},
 address = {New York, NY, USA}
}

@online {spark-tera,
    author = "Higgs, Ewan and Trivedi, Animesh and Zhang, Jeff",
    year   = "2017",
    title  = "Spark Terasort",
    url    = "https://github.com/ehiggs/spark-terasort"
}

@online {tpcds,
    author = "TPC",
    year   = "2017",
    title  = "TPC Benchmark DS (TPC-DS): The Benchmark Standard for decision support solutions including Big Data",
    url    = "http://www.tpc.org/tpcds/"
}

@online {netty,
    author = "Netty",
    year   = "2017",
    title  = "Netty Project",
    url    = "https://netty.io/"
}

@misc{sparktpcds,
  title = {TPC-DS Benchmark on Spark},
  howpublished = "\url{https://github.com/databricks/spark-sql-perf}"
}

@misc{aws,
  title = {Amazon EC2},
  howpublished = "\url{https://aws.amazon.com/ec2/}"
}

@misc{ssd,
  title = {Intel PCIe SSD},
  howpublished = "\url{http://www.intel.com/content/www/us/en/solid-state-drives/intel-ssd-dc-family-for-pcie.html}"
}

@misc{opencloudtrace,
  title = {OpenCloud Hadoop cluster trace},
  howpublished = "\url{http://ftp.pdl.cmu.edu/pub/datasets/hla/dataset.html}"
}

@online {hadooptutorial,
    author = "Apache",
    year   = "2017",
    title  = "Apache Hadoop Tutorial",
    url    = "http://hadoop.apache.org/docs/current/hadoop-mapreduce-client/hadoop-mapreduce-client-core/MapReduceTutorial.html/"
}

@misc{sparksource,
  title = {Apache Spark 1.6 source},
  howpublished = "\url{https://github.com/apache/spark/tree/branch-1.6}"
}

@online {sparkconf,
    author = "Apache",
    year   = "2017",
    title  = "Apache Spark 1.6.2 Configuration",
    url    = "http://spark.apache.org/docs/1.6.2/configuration.html"
}

@article{memcached,
 author = {Fitzpatrick, Brad},
 title = {Distributed Caching with Memcached},
 journal = {Linux J.},
 issue_date = {August 2004},
 volume = {2004},
 number = {124},
 month = aug,
 year = {2004},
 issn = {1075-3583},
 pages = {5--},
 url = {http://dl.acm.org/citation.cfm?id=1012889.1012894},
 acmid = {1012894},
 publisher = {Belltown Media},
 address = {Houston, TX},
}

@inproceedings{sync,
 author = {Xie, Chenning and Chen, Rong and Guan, Haibing and Zang, Binyu and Chen, Haibo},
 title = {SYNC or ASYNC: Time to Fuse for Distributed Graph-parallel Computation},
 booktitle = {Proceedings of the 20th ACM SIGPLAN Symposium on Principles and Practice of Parallel Programming},
 series = {PPoPP 2015},
 year = {2015},
 isbn = {978-1-4503-3205-7},
 location = {San Francisco, CA, USA},
 pages = {194--204},
 numpages = {11},
 url = {http://doi.acm.org/10.1145/2688500.2688508},
 doi = {10.1145/2688500.2688508},
 acmid = {2688508},
 publisher = {ACM},
 address = {New York, NY, USA},
 keywords = {Computation Modes, Distributed Graph-parallel Computation},
}

@inproceedings{ishuffle,
  title={Improving MapReduce performance in heterogeneous environments with adaptive task tuning},
  author={Cheng, Dazhao and Rao, Jia and Guo, Yanfei and Zhou, Xiaobo},
  booktitle={Proceedings of the 15th International Middleware Conference},
  pages={97--108},
  year={2014},
  organization={ACM}
}

@article{mapreduce,
  title={MapReduce: simplified data processing on large clusters},
  author={Dean, Jeffrey and Ghemawat, Sanjay},
  journal={Communications of the ACM},
  volume={51},
  number={1},
  pages={107--113},
  year={2008},
  publisher={ACM}
}

@inproceedings{shufflewatcher,
  title={ShuffleWatcher: Shuffle-aware Scheduling in Multi-tenant MapReduce Clusters.},
  author={Ahmad, Faraz and Chakradhar, Srimat T and Raghunathan, Anand and Vijaykumar, TN},
  booktitle={USENIX Annual Technical Conference},
  pages={1--12},
  year={2014}
}

@inproceedings{managing,
  title={Managing data transfers in computer clusters with orchestra},
  author={Chowdhury, Mosharaf and Zaharia, Matei and Ma, Justin and Jordan, Michael I and Stoica, Ion},
  booktitle={ACM SIGCOMM Computer Communication Review},
  volume={41},
  number={4},
  pages={98--109},
  year={2011},
  organization={ACM}
}

@inproceedings{varys,
  title={Efficient coflow scheduling with varys},
  author={Chowdhury, Mosharaf and Zhong, Yuan and Stoica, Ion},
  booktitle={ACM SIGCOMM Computer Communication Review},
  volume={44},
  number={4},
  pages={443--454},
  year={2014},
  organization={ACM}
}

@inproceedings{tachyon,
  title={Tachyon: Reliable, memory speed storage for cluster computing frameworks},
  author={Li, Haoyuan and Ghodsi, Ali and Zaharia, Matei and Shenker, Scott and Stoica, Ion},
  booktitle={Proceedings of the ACM Symposium on Cloud Computing},
  pages={1--15},
  year={2014},
  organization={ACM}
}

@article{terasort,
  title={Terabyte sort on apache hadoop},
  author={O’Malley, Owen},
  journal={Yahoo, available online at: http://sortbenchmark. org/Yahoo-Hadoop. pdf,(May)},
  pages={1--3},
  year={2008}
}

@inproceedings{makingsense,
  title={Making Sense of Performance in Data Analytics Frameworks.},
  author={Ousterhout, Kay and Rasti, Ryan and Ratnasamy, Sylvia and Shenker, Scott and Chun, Byung-Gon and ICSI, V},
  booktitle={NSDI},
  volume={15},
  pages={293--307},
  year={2015}
}

@inproceedings{skewtune,
  title={Skewtune: mitigating skew in mapreduce applications},
  author={Kwon, YongChul and Balazinska, Magdalena and Howe, Bill and Rolia, Jerome},
  booktitle={Proceedings of the 2012 ACM SIGMOD International Conference on Management of Data},
  pages={25--36},
  year={2012},
  organization={ACM}
}

@inproceedings{reining,
  title={Reining in the Outliers in Map-Reduce Clusters using Mantri.},
  author={Ananthanarayanan, Ganesh and Kandula, Srikanth and Greenberg, Albert G and Stoica, Ion and Lu, Yi and Saha, Bikas and Harris, Edward},
  booktitle={OSDI},
  volume={10},
  number={1},
  pages={24},
  year={2010}
}

@inproceedings{gufler2012load,
  title={Load balancing in mapreduce based on scalable cardinality estimates},
  author={Gufler, Benjamin and Augsten, Nikolaus and Reiser, Angelika and Kemper, Alfons},
  booktitle={Data Engineering (ICDE), 2012 IEEE 28th International Conference on},
  pages={522--533},
  year={2012},
  organization={IEEE}
}

@inproceedings{predict,
  title={Resource provisioning framework for mapreduce jobs with performance goals},
  author={Verma, Abhishek and Cherkasova, Ludmila and Campbell, Roy H},
  booktitle={ACM/IFIP/USENIX International Conference on Distributed Systems Platforms and Open Distributed Processing},
  pages={165--186},
  year={2011},
  organization={Springer}
}

@article{reservoir,
  title={Random sampling with a reservoir},
  author={Vitter, Jeffrey S},
  journal={ACM Transactions on Mathematical Software (TOMS)},
  volume={11},
  number={1},
  pages={37--57},
  year={1985},
  publisher={ACM}
}

@inproceedings{gfs,
  title={The Google file system},
  author={Ghemawat, Sanjay and Gobioff, Howard and Leung, Shun-Tak},
  booktitle={ACM SIGOPS operating systems review},
  volume={37},
  number={5},
  pages={29--43},
  year={2003},
  organization={ACM}
}

@article{min,
  title={A study of replacement algorithms for a virtual-storage computer},
  author={Belady, Laszlo A.},
  journal={IBM Systems journal},
  volume={5},
  number={2},
  pages={78--101},
  year={1966},
  publisher={IBM}
}

@inproceedings{pacman,
  title={PACMan: Coordinated memory caching for parallel jobs},
  author={Ananthanarayanan, Ganesh and Ghodsi, Ali and Wang, Andrew and Borthakur, Dhruba and Kandula, Srikanth and Shenker, Scott and Stoica, Ion},
  booktitle={Proceedings of the 9th USENIX conference on Networked Systems Design and Implementation},
  pages={20--20},
  year={2012},
  organization={USENIX Association}
}

@inproceedings{zookeeper,
  title={ZooKeeper: Wait-free Coordination for Internet-scale Systems.},
  author={Hunt, Patrick and Konar, Mahadev and Junqueira, Flavio Paiva and Reed, Benjamin},
  booktitle={USENIX annual technical conference},
  volume={8},
  pages={9},
  year={2010}
}

@inproceedings{starfish,
  title={Starfish: A Self-tuning System for Big Data Analytics.},
  author={Herodotou, Herodotos and Lim, Harold and Luo, Gang and Borisov, Nedyalko and Dong, Liang and Cetin, Fatma Bilgen and Babu, Shivnath},
  booktitle={Cidr},
  volume={11},
  number={2011},
  pages={261--272},
  year={2011}
}

@inproceedings{dynmr,
  title={Dynmr: Dynamic mapreduce with reducetask interleaving and maptask backfilling},
  author={Tan, Jian and Chin, Alicia and Hu, Zane Zhenhua and Hu, Yonggang and Meng, Shicong and Meng, Xiaoqiao and Zhang, Li},
  booktitle={Proceedings of the Ninth European Conference on Computer Systems},
  pages={2},
  year={2014},
  organization={ACM}
}

@inproceedings{ihadoop,
  title={iHadoop: asynchronous iterations for MapReduce},
  author={Elnikety, Eslam and Elsayed, Tamer and Ramadan, Hany E},
  booktitle={Cloud Computing Technology and Science (CloudCom), 2011 IEEE Third International Conference on},
  pages={81--90},
  year={2011},
  organization={IEEE}
}

@inproceedings{delay,
  title={Delay scheduling: a simple technique for achieving locality and fairness in cluster scheduling},
  author={Zaharia, Matei and Borthakur, Dhruba and Sen Sarma, Joydeep and Elmeleegy, Khaled and Shenker, Scott and Stoica, Ion},
  booktitle={Proceedings of the 5th European conference on Computer systems},
  pages={265--278},
  year={2010},
  organization={ACM}
}

@inproceedings{shufflewatcher,
  title={ShuffleWatcher: Shuffle-aware Scheduling in Multi-tenant MapReduce Clusters.},
  author={Ahmad, Faraz and Chakradhar, Srimat T and Raghunathan, Anand and Vijaykumar, TN},
  booktitle={USENIX Annual Technical Conference},
  pages={1--12},
  year={2014}
}

@inproceedings{quincy,
  title={Quincy: fair scheduling for distributed computing clusters},
  author={Isard, Michael and Prabhakaran, Vijayan and Currey, Jon and Wieder, Udi and Talwar, Kunal and Goldberg, Andrew},
  booktitle={Proceedings of the ACM SIGOPS 22nd symposium on Operating systems principles},
  pages={261--276},
  year={2009},
  organization={ACM}
}

@inproceedings{preemptive,
  title={Preemptive ReduceTask Scheduling for Fair and Fast Job Completion.},
  author={Wang, Yandong and Tan, Jian and Yu, Weikuan and Zhang, Li and Meng, Xiaoqiao and Li, Xiaobing},
  booktitle={ICAC},
  pages={279--289},
  year={2013}
}

@inproceedings{mesos,
  title={Mesos: A Platform for Fine-Grained Resource Sharing in the Data Center.},
  author={Hindman, Benjamin and Konwinski, Andy and Zaharia, Matei and Ghodsi, Ali and Joseph, Anthony D and Katz, Randy H and Shenker, Scott and Stoica, Ion},
  booktitle={NSDI},
  volume={11},
  number={2011},
  pages={22--22},
  year={2011}
}

@inproceedings{dryad,
  title={Dryad: distributed data-parallel programs from sequential building blocks},
  author={Isard, Michael and Budiu, Mihai and Yu, Yuan and Birrell, Andrew and Fetterly, Dennis},
  booktitle={ACM SIGOPS operating systems review},
  volume={41},
  number={3},
  pages={59--72},
  year={2007},
  organization={ACM}
}

@inproceedings{tez,
  title={Apache tez: A unifying framework for modeling and building data processing applications},
  author={Saha, Bikas and Shah, Hitesh and Seth, Siddharth and Vijayaraghavan, Gopal and Murthy, Arun and Curino, Carlo},
  booktitle={Proceedings of the 2015 ACM SIGMOD international conference on Management of Data},
  pages={1357--1369},
  year={2015},
  organization={ACM}
}

@inproceedings{coflow,
  title={Coflow: A networking abstraction for cluster applications},
  author={Chowdhury, Mosharaf and Stoica, Ion},
  booktitle={Proceedings of the 11th ACM Workshop on Hot Topics in Networks},
  pages={31--36},
  year={2012},
  organization={ACM}
}

@inproceedings{ramcloud,
  title={Fast crash recovery in RAMCloud},
  author={Ongaro, Diego and Rumble, Stephen M and Stutsman, Ryan and Ousterhout, John and Rosenblum, Mendel},
  booktitle={Proceedings of the Twenty-Third ACM Symposium on Operating Systems Principles},
  pages={29--41},
  year={2011},
  organization={ACM}
}

@inproceedings{babu,
 author = {Babu, Shivnath},
 title = {Towards Automatic Optimization of MapReduce Programs},
 booktitle = {Proceedings of the 1st ACM Symposium on Cloud Computing},
 series = {SoCC '10},
 year = {2010},
 isbn = {978-1-4503-0036-0},
 location = {Indianapolis, Indiana, USA},
 pages = {137--142},
 numpages = {6},
 url = {http://doi.acm.org/10.1145/1807128.1807150},
 doi = {10.1145/1807128.1807150},
 acmid = {1807150},
 publisher = {ACM},
 address = {New York, NY, USA},
 keywords = {Hadoop, MapReduce, cost-based optimization},
}

@inproceedings{aalo,
 author = {Chowdhury, Mosharaf and Stoica, Ion},
 title = {Efficient Coflow Scheduling Without Prior Knowledge},
 booktitle = {Proceedings of the 2015 ACM Conference on Special Interest Group on Data Communication},
 series = {SIGCOMM '15},
 year = {2015},
 isbn = {978-1-4503-3542-3},
 location = {London, United Kingdom},
 pages = {393--406},
 numpages = {14},
 url = {http://doi.acm.org/10.1145/2785956.2787480},
 doi = {10.1145/2785956.2787480},
 acmid = {2787480},
 publisher = {ACM},
 address = {New York, NY, USA},
 keywords = {coflow, data-intensive applications, datacenter networks},
}

@book{approximation,
  title={The design of approximation algorithms},
  author={Williamson, David P and Shmoys, David B},
  year={2011},
  publisher={Cambridge university press}
}

@inproceedings{Li:2009:ESM:1504176.1504188,
 author = {Li, Tong and Baumberger, Dan and Hahn, Scott},
 title = {Efficient and Scalable Multiprocessor Fair Scheduling Using Distributed Weighted Round-robin},
 booktitle = {Proceedings of the 14th ACM SIGPLAN Symposium on Principles and Practice of Parallel Programming},
 series = {PPoPP '09},
 year = {2009},
 isbn = {978-1-60558-397-6},
 location = {Raleigh, NC, USA},
 pages = {65--74},
 numpages = {10},
 url = {http://doi.acm.org/10.1145/1504176.1504188},
 doi = {10.1145/1504176.1504188},
 acmid = {1504188},
 publisher = {ACM},
 address = {New York, NY, USA},
 keywords = {distributed weighted round-robin, fair scheduling, lag, multiprocessor},
}

@inproceedings{finefrc,
 author = {Christodoulopoulou, Rosalia and Manassiev, Kaloian and Bilas, Angelos and Amza, Cristiana},
 title = {Fast and Transparent Recovery for Continuous Availability of Cluster-based Servers},
 booktitle = {Proceedings of the Eleventh ACM SIGPLAN Symposium on Principles and Practice of Parallel Programming},
 series = {PPoPP '06},
 year = {2006},
 isbn = {1-59593-189-9},
 location = {New York, New York, USA},
 pages = {221--229},
 numpages = {9},
 url = {http://doi.acm.org/10.1145/1122971.1123005},
 doi = {10.1145/1122971.1123005},
 acmid = {1123005},
 publisher = {ACM},
 address = {New York, NY, USA},
 keywords = {availability, distributed shared memory, fast failure reconfiguration, fault tolerance, scalability},
}

@inproceedings{yarn,
  title={Apache hadoop yarn: Yet another resource negotiator},
  author={Vavilapalli, Vinod Kumar and Murthy, Arun C and Douglas, Chris and Agarwal, Sharad and Konar, Mahadev and Evans, Robert and Graves, Thomas and Lowe, Jason and Shah, Hitesh and Seth, Siddharth and others},
  booktitle={Proceedings of the 4th annual Symposium on Cloud Computing},
  pages={5},
  year={2013},
  organization={ACM}
}


@book{Meta_CN,
  title = {电磁超介质及其应用},
  address = {北京},
  publisher = {国防工业出版社},
  year = {2008},
  author = {崔万照 and 马伟 and 邱乐徳 and 张洪太}
}

@book{JohnD,
  title = {Photonic Crystals: Molding the Flow of Light},
  publisher = {Princeton University Press},
  year = {2008},
  author = {Joannopoulos, J. D. and Johnson, S. G. and Winn, J. N.}
}

@book{IEEE-1363,
  author={IEEE Std 1363-2000},
  title={IEEE Standard Specifications for Public-Key Cryptography},
  address={New York},
  publisher={IEEE},
  year={2000}
}

@article{chen2007act,
  author = {Chen, H. and Chan, C. T.},
  title = {Acoustic cloaking in three dimensions using acoustic metamaterials},
  journal = {Applied Physics Letters},
  year = {2007},
  volume = {91},
  pages = {183518},
  publisher = {AIP}
}

@article{chen2007ewi,
  author = {Chen, H. and Wu, B. I. and Zhang, B. and Kong, J. A.},
  title = {Electromagnetic Wave Interactions with a Metamaterial Cloak},
  journal = {Physical Review Letters},
  year = {2007},
  volume = {99},
  pages = {63903},
  number = {6},
  publisher = {APS}
}


@inproceedings{kocher99,
  author={C. Kocher and J. Jaffe and B. Jun},
  title={Differential Power Analysis},
  editor={M. Wiener},
  booktitle={Advances in Cryptology ({CRYPTO}~'99)},
  series={Lecture Notes in Computer Science},
  volume={1666},
  pages={388-397},
  publisher={Springer-Verlag},
  month={9},
  year={1999}
}

@incollection{Krasnogor2004e,
  AUTHOR = {N. Krasnogor},
  TITLE = {Towards robust memetic algorithms},
  BOOKTITLE = {Recent Advances in Memetic Algorithms},
  PUBLISHER = {Springer Berlin Heidelberg},
  YEAR = {2004},
  PAGES = {185-207},
  EDITOR = {W.E. Hart and N. Krasnogor and J.E. Smith},
  VOLUME = {166},
  SERIES = {Studies in Fuzziness and Soft Computing},  
  ADDRESS = {New York},  
}

@incollection{zjsw,
  AUTHOR = {班固},
  TITLE = {苏武传},
  BOOKTITLE = {传记散文英华},
  PUBLISHER = {湖北人民出版社},
  YEAR = {1998},  
  PAGES = {65-69},
  EDITOR = {郑在瀛 and 汪超宏 and 周文复},
  VOLUME = {2},
  SERIES = {新古文观止丛书},  
  ADDRESS = {武汉},
}


@inbook{clzs,
  AUTHOR = {阎真},
  TITLE = {沧浪之水},
  CHAPTER = {大人物还是讲人情的},
  PAGES = {185-207},
  PUBLISHER = {人民文学出版社},
  YEAR = {2001},
}

@book{tex,
 author    = {Donald E. Knuth},
 title     = {The {\TeX} Book},
 publisher = {Addison-Wesley Publishing Company},
 address   = {Reading, MA},
 year      = 1989,
 edition   = {15th},
}

@book{companion,
 author    = {Michel Goosens and Frank Mittelbach and Alexander Samarin},
 title     = {The {\LaTeX} Companion},
 publisher = {Addison-Wesley Publishing Company},
 address   = {Reading, MA},
 PAGES = {112--125},
 year      = 1994,
}

@article{ELIDRISSI94,
  AUTHOR =       {{Chafik El Idrissi}, M. and {Roney}, A. and {Frigon}, C. and
                  {Larzilli{\`e}re}, M.},
  TITLE =        {Measurements of total kinetic-energy released to the {$N=2$}
                  dissociation limit of {H}$_2$ --- evidence of the dissociation
                  of very high vibrational {R}ydberg states of {H}$_2$ by
                  doubly-excited states},
  JOURNAL =      {Chemical Physics Letters},
  PAGES =        {260-266},
  VOLUME =       224,
  NUMBER =       10,
  YEAR =         1994,
}

@ARTICLE{MELLINGER96,
  AUTHOR =       {Mellinger, A. and Vidal, C. R. and Jungen, Ch.},
  TITLE =        {Laser reduced fluorescence study of the carbon-monoxide nd
                  triplet {R}ydberg series-experimental results and multichannel
                  quantum-defect analysis},
  JOURNAL =      {J. Chem. Phys.},
  PAGES =        {8913-8921},
  VOLUME =       104,
  NUMBER =       5,
  YEAR =         1996,
}

@ARTICLE{SHELL02,
  AUTHOR =       {Michael Shell},
  TITLE =        {How to Use the {IEEEtran \LaTeX} Class},
  JOURNAL =      {Journal of {\LaTeX} Class Files},
  YEAR =         2002,
  VOLUME =       12,
  NUMBER =       4,
  PAGES =        {100--120}
}

@TechReport{NPB2,
  title =        {The {NAS} Parallel Benchmarks 2.0},
  author =       {Alex Woo and David Bailey and Maurice Yarrow and Wijngaart
                  Wijngaart and Tim Harris and William Saphir},
  year =         1995,
  month =        12,
  institution =  {The Pennsylvania State University CiteSeer Archives},
  url =          {http://www.nasa.org/}
}

@INPROCEEDINGS{DPMG,
  author =       {Kim, Sangbum and Woo, Namyoon and Yeom, Heon Y. and Park,
                  Taesoon and Park, Hyoungwoo},
  title =        {Design and {I}mplementation of {D}ynamic {P}rocess
                  {M}anagement for {G}rid-enabled {MPICH}},
  booktitle =    {the 10th European PVM/MPI Users' Group Conference},
  year =         2003,
  address =      {Venice, Italy},
  month =        sep,
}

@INPROCEEDINGS{cnproceed,
  author =       {王重阳 and 黄药师 and 欧阳峰 and 洪七公 and 段皇帝},
  title =        {武林高手论文集},
  booktitle =    {第~$N$~次华山论剑},
  year =         2006,
  address =      {西安, 中国},
  publisher = {中国古籍出版社},
  month =        sep,
}

@ARTICLE{cnarticle,
  AUTHOR =       {贾宝玉 and 林黛玉 and 薛宝钗 and 贾探春},
  TITLE =        {论刘姥姥食量大如牛之现实意义},
  JOURNAL =      {红楼梦杂谈},
  PAGES =        {260--266},
  VOLUME =       224,
  YEAR =         1800,
}

@thesis{zhubajie,
  author =       {猪八戒},
  title =        {论流体食物的持久保存},
  school =       {广寒宫大学},
  year =         2005,
  address =      {北京},
}

@thesis{shaheshang,
  title =        {论流沙河的综合治理},
  author =       {沙和尚},
  school =       {清华大学},
  year =         2005,
  address =      {北京},
}

@thesis{metamori2004,
  author =       {Ashwin Raju Jeyakumar},
  title =        {Metamori: A library for Incremental File Checkpointing},
  school =       {Virgina Tech},
  year =         2004,
  month =        7,
  address =      {Blacksburg},
}

@thesis{FistSystem01,
  AUTHOR =       {Erez Zadok},
  TITLE =        {FiST: A System for Stackable File System Code Generation},
  YEAR =         2001,
  MONTH =        {5},
  SCHOOL =       {Computer Science Department, Columbia University},
  ADDRESS =      {USA}
}

@INBOOK{ColdSources,
  AUTHOR =       {P. Gr{\"o}ning and L. Nilsson and P. Ruffieux and R.
                  Clergereaux and O. Gr{\"o}ning},
  TITLE =        {Encyclopedia of Nanoscience and Nanotechnology},
  pages =        {547--579},
  PUBLISHER =    {American Scientific Publishers},
  YEAR =         2004,
  volume =       1,
}

@phdthesis{bai2008,
	title={信用风险传染模型和信用衍生品的定价},
	author={白云芬},
	year={2008},
	school={上海交通大学},
	address={上海},
}


%萧钰.出版业信息化迈人快车道[EB/OL]. (2001-12-19)[2002-04-15]. http://www.creader.com/news/20011219/200112190019. html.
@article{xiaoyu2001,
  author =       {萧钰},
  title =        {出版业信息化迈人快车道},
  year =         {2001},
  TypeofLit =    {EB/OL},
  modifydate =   {2001-12-19},
  citedate =     {2002-04-15},
  url =          {http://www.creader.com/news/20011219/200112190019.html},
}

% 在线析出文献
@article{CHRISTINE1998,
  author =       {Christine, Mlot},
  title =        {Plant physiology: plant biology in the Genome Era},
  journal =      {Science},
  volume =       {281},
  pages =        {331-332},
  year =         {1998},
  TypeofLit =    {J/OL},
  citedate =     {1998-09-23},
  url =           {http://www.sciencemag.org/cgi/collection/anatmorp},
}

@book{RManual,
        Address = {Vienna, Austria},
        Author = {{R Core Team}},
        Note = {{ISBN} 3-900051-07-0},
        Organization = {R Foundation for Statistical Computing},
        title = {R: A Language and Environment for Statistical Computing},
        url = {http://www.R-project.org/},
        Year = {2012},
}

