@inproceedings{spark,
  title={Resilient distributed datasets: A fault-tolerant abstraction for in-memory cluster computing},
  author={Zaharia, Matei and Chowdhury, Mosharaf and Das, Tathagata and Dave, Ankur and Ma, Justin and McCauley, Murphy and Franklin, Michael J and Shenker, Scott and Stoica, Ion},
  booktitle={Proceedings of the 9th USENIX conference on Networked Systems Design and Implementation},
  pages={2--2},
  year={2012},
  organization={USENIX Association}
}

@online {hadoop,
    author = "Apache",
    year   = "2017",
    title  = "Apache Hadoop",
    url    = "http://hadoop.apache.com/"
}


@article{apachespark,
 author = {Zaharia, Matei and Xin, Reynold S. and Wendell, Patrick and Das, Tathagata and Armbrust, Michael and Dave, Ankur and Meng, Xiangrui and Rosen, Josh and Venkataraman, Shivaram and Franklin, Michael J. and Ghodsi, Ali and Gonzalez, Joseph and Shenker, Scott and Stoica, Ion},
 title = {Apache Spark: A Unified Engine for Big Data Processing},
 journal = {Commun. ACM},
 issue_date = {November 2016},
 volume = {59},
 number = {11},
 month = oct,
 year = {2016},
 issn = {0001-0782},
 pages = {56--65},
 numpages = {10},
 url = {http://doi.acm.org/10.1145/2934664},
 doi = {10.1145/2934664},
 acmid = {2934664},
 publisher = {ACM},
 address = {New York, NY, USA}
}

@online {spark-tera,
    author = "Higgs, Ewan and Trivedi, Animesh and Zhang, Jeff",
    year   = "2017",
    title  = "Spark Terasort",
    url    = "https://github.com/ehiggs/spark-terasort"
}

@online {tpcds,
    author = "TPC",
    year   = "2017",
    title  = "TPC Benchmark DS (TPC-DS): The Benchmark Standard for decision support solutions including Big Data",
    url    = "http://www.tpc.org/tpcds/"
}

@misc{sparktpcds,
  title = {TPC-DS Benchmark on Spark},
  howpublished = "\url{https://github.com/databricks/spark-sql-perf}"
}

@misc{aws,
  title = {Amazon EC2},
  howpublished = "\url{https://aws.amazon.com/ec2/}"
}

@misc{ssd,
  title = {Intel PCIe SSD},
  howpublished = "\url{http://www.intel.com/content/www/us/en/solid-state-drives/intel-ssd-dc-family-for-pcie.html}"
}

@misc{opencloudtrace,
  title = {OpenCloud Hadoop cluster trace},
  howpublished = "\url{http://ftp.pdl.cmu.edu/pub/datasets/hla/dataset.html}"
}

@online {hadooptutorial,
    author = "Apache",
    year   = "2017",
    title  = "Apache Hadoop Tutorial",
    url    = "http://hadoop.apache.org/docs/current/hadoop-mapreduce-client/hadoop-mapreduce-client-core/MapReduceTutorial.html/"
}

@misc{sparksource,
  title = {Apache Spark 1.6 source},
  howpublished = "\url{https://github.com/apache/spark/tree/branch-1.6}"
}

@online {sparkconf,
    author = "Apache",
    year   = "2017",
    title  = "Apache Spark 1.6.2 Configuration",
    url    = "http://spark.apache.org/docs/1.6.2/configuration.html"
}

@article{memcached,
 author = {Fitzpatrick, Brad},
 title = {Distributed Caching with Memcached},
 journal = {Linux J.},
 issue_date = {August 2004},
 volume = {2004},
 number = {124},
 month = aug,
 year = {2004},
 issn = {1075-3583},
 pages = {5--},
 url = {http://dl.acm.org/citation.cfm?id=1012889.1012894},
 acmid = {1012894},
 publisher = {Belltown Media},
 address = {Houston, TX},
}

@inproceedings{sync,
 author = {Xie, Chenning and Chen, Rong and Guan, Haibing and Zang, Binyu and Chen, Haibo},
 title = {SYNC or ASYNC: Time to Fuse for Distributed Graph-parallel Computation},
 booktitle = {Proceedings of the 20th ACM SIGPLAN Symposium on Principles and Practice of Parallel Programming},
 series = {PPoPP 2015},
 year = {2015},
 isbn = {978-1-4503-3205-7},
 location = {San Francisco, CA, USA},
 pages = {194--204},
 numpages = {11},
 url = {http://doi.acm.org/10.1145/2688500.2688508},
 doi = {10.1145/2688500.2688508},
 acmid = {2688508},
 publisher = {ACM},
 address = {New York, NY, USA},
 keywords = {Computation Modes, Distributed Graph-parallel Computation},
} 

@inproceedings{ishuffle,
  title={Improving MapReduce performance in heterogeneous environments with adaptive task tuning},
  author={Cheng, Dazhao and Rao, Jia and Guo, Yanfei and Zhou, Xiaobo},
  booktitle={Proceedings of the 15th International Middleware Conference},
  pages={97--108},
  year={2014},
  organization={ACM}
}

@article{mapreduce,
  title={MapReduce: simplified data processing on large clusters},
  author={Dean, Jeffrey and Ghemawat, Sanjay},
  journal={Communications of the ACM},
  volume={51},
  number={1},
  pages={107--113},
  year={2008},
  publisher={ACM}
}

@inproceedings{shufflewatcher,
  title={ShuffleWatcher: Shuffle-aware Scheduling in Multi-tenant MapReduce Clusters.},
  author={Ahmad, Faraz and Chakradhar, Srimat T and Raghunathan, Anand and Vijaykumar, TN},
  booktitle={USENIX Annual Technical Conference},
  pages={1--12},
  year={2014}
}

@inproceedings{managing,
  title={Managing data transfers in computer clusters with orchestra},
  author={Chowdhury, Mosharaf and Zaharia, Matei and Ma, Justin and Jordan, Michael I and Stoica, Ion},
  booktitle={ACM SIGCOMM Computer Communication Review},
  volume={41},
  number={4},
  pages={98--109},
  year={2011},
  organization={ACM}
}

@inproceedings{varys,
  title={Efficient coflow scheduling with varys},
  author={Chowdhury, Mosharaf and Zhong, Yuan and Stoica, Ion},
  booktitle={ACM SIGCOMM Computer Communication Review},
  volume={44},
  number={4},
  pages={443--454},
  year={2014},
  organization={ACM}
}

@inproceedings{tachyon,
  title={Tachyon: Reliable, memory speed storage for cluster computing frameworks},
  author={Li, Haoyuan and Ghodsi, Ali and Zaharia, Matei and Shenker, Scott and Stoica, Ion},
  booktitle={Proceedings of the ACM Symposium on Cloud Computing},
  pages={1--15},
  year={2014},
  organization={ACM}
}

@article{terasort,
  title={Terabyte sort on apache hadoop},
  author={Oâ€™Malley, Owen},
  journal={Yahoo, available online at: http://sortbenchmark. org/Yahoo-Hadoop. pdf,(May)},
  pages={1--3},
  year={2008}
}

@inproceedings{makingsense,
  title={Making Sense of Performance in Data Analytics Frameworks.},
  author={Ousterhout, Kay and Rasti, Ryan and Ratnasamy, Sylvia and Shenker, Scott and Chun, Byung-Gon and ICSI, V},
  booktitle={NSDI},
  volume={15},
  pages={293--307},
  year={2015}
}

@inproceedings{skewtune,
  title={Skewtune: mitigating skew in mapreduce applications},
  author={Kwon, YongChul and Balazinska, Magdalena and Howe, Bill and Rolia, Jerome},
  booktitle={Proceedings of the 2012 ACM SIGMOD International Conference on Management of Data},
  pages={25--36},
  year={2012},
  organization={ACM}
}

@inproceedings{reining,
  title={Reining in the Outliers in Map-Reduce Clusters using Mantri.},
  author={Ananthanarayanan, Ganesh and Kandula, Srikanth and Greenberg, Albert G and Stoica, Ion and Lu, Yi and Saha, Bikas and Harris, Edward},
  booktitle={OSDI},
  volume={10},
  number={1},
  pages={24},
  year={2010}
}

@inproceedings{gufler2012load,
  title={Load balancing in mapreduce based on scalable cardinality estimates},
  author={Gufler, Benjamin and Augsten, Nikolaus and Reiser, Angelika and Kemper, Alfons},
  booktitle={Data Engineering (ICDE), 2012 IEEE 28th International Conference on},
  pages={522--533},
  year={2012},
  organization={IEEE}
}

@inproceedings{predict,
  title={Resource provisioning framework for mapreduce jobs with performance goals},
  author={Verma, Abhishek and Cherkasova, Ludmila and Campbell, Roy H},
  booktitle={ACM/IFIP/USENIX International Conference on Distributed Systems Platforms and Open Distributed Processing},
  pages={165--186},
  year={2011},
  organization={Springer}
}

@article{reservoir,
  title={Random sampling with a reservoir},
  author={Vitter, Jeffrey S},
  journal={ACM Transactions on Mathematical Software (TOMS)},
  volume={11},
  number={1},
  pages={37--57},
  year={1985},
  publisher={ACM}
}

@inproceedings{gfs,
  title={The Google file system},
  author={Ghemawat, Sanjay and Gobioff, Howard and Leung, Shun-Tak},
  booktitle={ACM SIGOPS operating systems review},
  volume={37},
  number={5},
  pages={29--43},
  year={2003},
  organization={ACM}
}

@article{min,
  title={A study of replacement algorithms for a virtual-storage computer},
  author={Belady, Laszlo A.},
  journal={IBM Systems journal},
  volume={5},
  number={2},
  pages={78--101},
  year={1966},
  publisher={IBM}
}

@inproceedings{pacman,
  title={PACMan: Coordinated memory caching for parallel jobs},
  author={Ananthanarayanan, Ganesh and Ghodsi, Ali and Wang, Andrew and Borthakur, Dhruba and Kandula, Srikanth and Shenker, Scott and Stoica, Ion},
  booktitle={Proceedings of the 9th USENIX conference on Networked Systems Design and Implementation},
  pages={20--20},
  year={2012},
  organization={USENIX Association}
}

@inproceedings{zookeeper,
  title={ZooKeeper: Wait-free Coordination for Internet-scale Systems.},
  author={Hunt, Patrick and Konar, Mahadev and Junqueira, Flavio Paiva and Reed, Benjamin},
  booktitle={USENIX annual technical conference},
  volume={8},
  pages={9},
  year={2010}
}

@inproceedings{starfish,
  title={Starfish: A Self-tuning System for Big Data Analytics.},
  author={Herodotou, Herodotos and Lim, Harold and Luo, Gang and Borisov, Nedyalko and Dong, Liang and Cetin, Fatma Bilgen and Babu, Shivnath},
  booktitle={Cidr},
  volume={11},
  number={2011},
  pages={261--272},
  year={2011}
}

@inproceedings{dynmr,
  title={Dynmr: Dynamic mapreduce with reducetask interleaving and maptask backfilling},
  author={Tan, Jian and Chin, Alicia and Hu, Zane Zhenhua and Hu, Yonggang and Meng, Shicong and Meng, Xiaoqiao and Zhang, Li},
  booktitle={Proceedings of the Ninth European Conference on Computer Systems},
  pages={2},
  year={2014},
  organization={ACM}
}

@inproceedings{ihadoop,
  title={iHadoop: asynchronous iterations for MapReduce},
  author={Elnikety, Eslam and Elsayed, Tamer and Ramadan, Hany E},
  booktitle={Cloud Computing Technology and Science (CloudCom), 2011 IEEE Third International Conference on},
  pages={81--90},
  year={2011},
  organization={IEEE}
}

@inproceedings{delay,
  title={Delay scheduling: a simple technique for achieving locality and fairness in cluster scheduling},
  author={Zaharia, Matei and Borthakur, Dhruba and Sen Sarma, Joydeep and Elmeleegy, Khaled and Shenker, Scott and Stoica, Ion},
  booktitle={Proceedings of the 5th European conference on Computer systems},
  pages={265--278},
  year={2010},
  organization={ACM}
}

@inproceedings{shufflewatcher,
  title={ShuffleWatcher: Shuffle-aware Scheduling in Multi-tenant MapReduce Clusters.},
  author={Ahmad, Faraz and Chakradhar, Srimat T and Raghunathan, Anand and Vijaykumar, TN},
  booktitle={USENIX Annual Technical Conference},
  pages={1--12},
  year={2014}
}

@inproceedings{quincy,
  title={Quincy: fair scheduling for distributed computing clusters},
  author={Isard, Michael and Prabhakaran, Vijayan and Currey, Jon and Wieder, Udi and Talwar, Kunal and Goldberg, Andrew},
  booktitle={Proceedings of the ACM SIGOPS 22nd symposium on Operating systems principles},
  pages={261--276},
  year={2009},
  organization={ACM}
}

@inproceedings{preemptive,
  title={Preemptive ReduceTask Scheduling for Fair and Fast Job Completion.},
  author={Wang, Yandong and Tan, Jian and Yu, Weikuan and Zhang, Li and Meng, Xiaoqiao and Li, Xiaobing},
  booktitle={ICAC},
  pages={279--289},
  year={2013}
}

@inproceedings{mesos,
  title={Mesos: A Platform for Fine-Grained Resource Sharing in the Data Center.},
  author={Hindman, Benjamin and Konwinski, Andy and Zaharia, Matei and Ghodsi, Ali and Joseph, Anthony D and Katz, Randy H and Shenker, Scott and Stoica, Ion},
  booktitle={NSDI},
  volume={11},
  number={2011},
  pages={22--22},
  year={2011}
}

@inproceedings{dryad,
  title={Dryad: distributed data-parallel programs from sequential building blocks},
  author={Isard, Michael and Budiu, Mihai and Yu, Yuan and Birrell, Andrew and Fetterly, Dennis},
  booktitle={ACM SIGOPS operating systems review},
  volume={41},
  number={3},
  pages={59--72},
  year={2007},
  organization={ACM}
}

@inproceedings{tez,
  title={Apache tez: A unifying framework for modeling and building data processing applications},
  author={Saha, Bikas and Shah, Hitesh and Seth, Siddharth and Vijayaraghavan, Gopal and Murthy, Arun and Curino, Carlo},
  booktitle={Proceedings of the 2015 ACM SIGMOD international conference on Management of Data},
  pages={1357--1369},
  year={2015},
  organization={ACM}
}

@inproceedings{coflow,
  title={Coflow: A networking abstraction for cluster applications},
  author={Chowdhury, Mosharaf and Stoica, Ion},
  booktitle={Proceedings of the 11th ACM Workshop on Hot Topics in Networks},
  pages={31--36},
  year={2012},
  organization={ACM}
}

@inproceedings{ramcloud, 
  title={Fast crash recovery in RAMCloud}, 
  author={Ongaro, Diego and Rumble, Stephen M and Stutsman, Ryan and Ousterhout, John and Rosenblum, Mendel}, 
  booktitle={Proceedings of the Twenty-Third ACM Symposium on Operating Systems Principles}, 
  pages={29--41}, 
  year={2011}, 
  organization={ACM} 
}

@inproceedings{babu,
 author = {Babu, Shivnath},
 title = {Towards Automatic Optimization of MapReduce Programs},
 booktitle = {Proceedings of the 1st ACM Symposium on Cloud Computing},
 series = {SoCC '10},
 year = {2010},
 isbn = {978-1-4503-0036-0},
 location = {Indianapolis, Indiana, USA},
 pages = {137--142},
 numpages = {6},
 url = {http://doi.acm.org/10.1145/1807128.1807150},
 doi = {10.1145/1807128.1807150},
 acmid = {1807150},
 publisher = {ACM},
 address = {New York, NY, USA},
 keywords = {Hadoop, MapReduce, cost-based optimization},
} 

@inproceedings{aalo,
 author = {Chowdhury, Mosharaf and Stoica, Ion},
 title = {Efficient Coflow Scheduling Without Prior Knowledge},
 booktitle = {Proceedings of the 2015 ACM Conference on Special Interest Group on Data Communication},
 series = {SIGCOMM '15},
 year = {2015},
 isbn = {978-1-4503-3542-3},
 location = {London, United Kingdom},
 pages = {393--406},
 numpages = {14},
 url = {http://doi.acm.org/10.1145/2785956.2787480},
 doi = {10.1145/2785956.2787480},
 acmid = {2787480},
 publisher = {ACM},
 address = {New York, NY, USA},
 keywords = {coflow, data-intensive applications, datacenter networks},
}

@inproceedings{Li:2009:ESM:1504176.1504188,
 author = {Li, Tong and Baumberger, Dan and Hahn, Scott},
 title = {Efficient and Scalable Multiprocessor Fair Scheduling Using Distributed Weighted Round-robin},
 booktitle = {Proceedings of the 14th ACM SIGPLAN Symposium on Principles and Practice of Parallel Programming},
 series = {PPoPP '09},
 year = {2009},
 isbn = {978-1-60558-397-6},
 location = {Raleigh, NC, USA},
 pages = {65--74},
 numpages = {10},
 url = {http://doi.acm.org/10.1145/1504176.1504188},
 doi = {10.1145/1504176.1504188},
 acmid = {1504188},
 publisher = {ACM},
 address = {New York, NY, USA},
 keywords = {distributed weighted round-robin, fair scheduling, lag, multiprocessor},
}

@inproceedings{finefrc,
 author = {Christodoulopoulou, Rosalia and Manassiev, Kaloian and Bilas, Angelos and Amza, Cristiana},
 title = {Fast and Transparent Recovery for Continuous Availability of Cluster-based Servers},
 booktitle = {Proceedings of the Eleventh ACM SIGPLAN Symposium on Principles and Practice of Parallel Programming},
 series = {PPoPP '06},
 year = {2006},
 isbn = {1-59593-189-9},
 location = {New York, New York, USA},
 pages = {221--229},
 numpages = {9},
 url = {http://doi.acm.org/10.1145/1122971.1123005},
 doi = {10.1145/1122971.1123005},
 acmid = {1123005},
 publisher = {ACM},
 address = {New York, NY, USA},
 keywords = {availability, distributed shared memory, fast failure reconfiguration, fault tolerance, scalability},
} 